<?xml version="1.0" encoding="UTF-8"?>
<collection xmlns:xsi="http://www.w3.org/2001/XMLSchema-instance" xsi:schemaLocation="http://www.loc.gov/MARC21/slim http://www.loc.gov/standards/marcxml/schema/MARC21slim.xsd" xmlns="http://www.loc.gov/MARC21/slim">
<record>
  <leader>00694cam a22001931  4500</leader>
  <controlfield tag="001">3071451</controlfield>
  <controlfield tag="003">NNC</controlfield>
  <controlfield tag="005">20130426015409.0</controlfield>
  <controlfield tag="008">010821s1925    ua            000 0 ara d</controlfield>
  <datafield tag="035" ind1=" " ind2=" ">
    <subfield code="a">(OCoLC)ocm47815460</subfield>
  </datafield>
  <datafield tag="035" ind1=" " ind2=" ">
    <subfield code="9">ATP4426CU</subfield>
  </datafield>
  <datafield tag="035" ind1=" " ind2=" ">
    <subfield code="a">(NNC)3071451</subfield>
  </datafield>
  <datafield tag="040" ind1=" " ind2=" ">
    <subfield code="a">ZCU</subfield>
    <subfield code="c">ZCU</subfield>
  </datafield>
  <datafield tag="099" ind1=" " ind2=" ">
    <subfield code="a">893.7J327</subfield>
    <subfield code="a">S4</subfield>
  </datafield>
  <datafield tag="100" ind1="1" ind2=" ">
    <subfield code="a">Jauzīyah, Muḥammad ibn Kaiyim al-,</subfield>
    <subfield code="d">-1350.</subfield>
  </datafield>
  <datafield tag="245" ind1="1" ind2="3">
    <subfield code="a">al-Kāfiyah al-shāfiyaḣ fī al-intiṣār lil-firqah al-nājiyah;</subfield>
    <subfield code="b">qaṣīdah nabawīyah,</subfield>
    <subfield code="c">li Abī ʻAbd-Allāh Muḥammad ibn Abī Bakr ibn Ayyūb al-maʻrūf bi Ibn al-Qayyim.</subfield>
  </datafield>
  <datafield tag="260" ind1=" " ind2=" ">
    <subfield code="a">Miṣr,</subfield>
    <subfield code="b">Maṭbaʻat al-Taqaddum al-ʻIlmīyah,</subfield>
    <subfield code="c">1334 h. [1925]</subfield>
  </datafield>
  <datafield tag="300" ind1=" " ind2=" ">
    <subfield code="a">256 p.</subfield>
  </datafield>
  <datafield tag="955" ind1=" " ind2=" ">
    <subfield code="b">CU58872221</subfield>
    <subfield code="d">off,glx</subfield>
    <subfield code="e">893.7J327 S4</subfield>
  </datafield>
</record>
</collection>